% https://www.forbeginnersbooks.com/
@book{philosophy-for-begginers,
  author    = {Richard Osborne},
  title     = {Philosophy for beginners},
  publisher = {For Beginners},
  year      = {2007}
}
% https://ndlsearch.ndl.go.jp/books/R100000002-I033333314
@book{suugaku-no-sekaishi,
  author    = {加藤 文元},
  title     = {数学の世界史},
  publisher = {KADOKAWA},
  year      = {2024}
}
@book{terasaka,
  author    = {寺阪 英孝},
  title     = {非ユークリッド幾何の世界 新装版},
  publisher = {講談社},
  year      = {2014}
}
@online{euclid,
author = {Richard Fitzpatrick},
title = {EUCLID’S ELEMENTS OF GEOMETRY},
url = {https://farside.ph.utexas.edu/Books/Euclid/Elements.pdf},
year = {2008}
}
